848 1333
174 99 207 116 302

174 148 290 169 cuiuscumque
301 148 349 164 etiam
361 148 374 164 ai
386 147 495 164 cardinalatus
507 148 619 170 patriarchalis
632 147 729 169 pontificalis
743 150 772 164 aut

174 173 239 190 alterius
251 173 337 190 cuiuslibet
348 173 429 195 dignitatis
441 177 497 190 contra
508 174 599 195 predictum
611 174 683 190 ordinem
695 176 711 190 ct
722 173 771 195 quali·

174 200 257 216 ficationes
274 202 291 216 ut
306 200 402 221 premittitur
419 200 511 221 designatas
528 200 554 216 vel
571 200 680 222 designandas
695 200 716 216 de
734 200 772 221 ipsis

174 226 254 242 benefitiis
266 226 370 247 dignitatibus
384 226 496 247 personatibus
508 226 561 243 offitiis
577 229 593 242 et
608 226 771 243 administrationibus

174 252 230 273 quovis
242 252 289 268 modo
301 252 401 273 disposuerit,
414 258 433 268 eo
445 253 479 274 ipso
490 253 510 268 sit
518 253 580 269 irritum
592 255 608 268 et
619 253 666 269 inane
676 252 771 274 collntioqus

173 278 264 294 huiusmodi
276 284 295 294 ac
307 278 376 299 provisio
388 284 417 294 seu
425 279 481 300 quevis
490 278 571 300 dispositio
582 278 604 294 nd
612 279 710 300 superiorein
718 278 771 300 proxi-

175 310 219 320 mum
230 304 331 325 devolvatur,
343 305 370 326 qui
384 304 456 321 similiter
470 304 531 321 babeat
545 305 636 326 providere,
652 304 695 326 quod
711 305 725 321 si
740 310 771 321 nou

175 330 236 351 secer-it,
254 330 276 347 ad
293 330 342 347 alium
359 332 458 352 superiorem
475 330 570 347 devolvatur
587 331 666 352 gradatim
683 336 734 352 usque
750 330 772 347 ad

174 362 254 373 summum
268 357 361 378 pontificem
373 357 481 373 ascendendo⁴
505 357 541 373 Non
553 357 627 373 volumus
641 360 695 373 tamen
709 356 771 373 ordina-

173 384 205 399 rios
216 383 301 399 collatores
312 385 328 399 ct
339 389 371 404 eos,
383 383 405 399 ad
417 389 457 405 quos
469 384 569 405 prssentacio
584 389 613 399 seu
624 383 656 400 alin
667 384 724 405 quevis
741 383 770 399 dis-

173 409 230 431 positio
238 409 350 425 benefitiorum
358 412 425 431 spectat,
437 410 453 426 in
462 412 530 431 quatuor
537 409 625 430 mensibus,
637 409 695 431 quibus
707 409 771 431 prefato

173 436 224 456 gratie
236 436 339 457 expectative
351 435 377 452 vel
388 436 505 452 nominationes
516 441 581 452 cursum
593 441 625 452 non
638 435 704 456 liabent,
719 435 771 452 donec

175 462 209 483 ipse
220 462 271 483 gratie
285 462 388 483 expectative
404 461 430 478 vel
445 462 561 478 nominationes
572 462 593 478 ad
605 467 660 478 eorum
672 461 772 478 collationem

174 488 310 509 presentationem
318 493 347 504 seu
359 487 478 509 dispositionem
486 493 564 504 concesse
572 489 676 509 cessaverint,
688 488 710 504 ad
722 488 771 509 quali-

174 514 256 530 ficationes
268 514 378 535 infrascriptos
390 514 500 531 observandas
508 515 579 536 astringi.
597 514 678 531 Secuntur
689 514 770 536 qualifica-

174 541 224 556 tiones
236 542 252 556 ct
263 540 303 556 ordo
314 540 331 556 in
339 540 441 556 conserendis
450 540 528 557 benefitiis
540 546 569 562 per
577 540 671 561 ordinarios,
684 540 704 557 de
712 540 771 562 quibus

173 569 283 588 supratactnm
295 569 323 582 est.
347 566 400 583 Primo
416 572 453 583 eum
468 567 548 588 generalis
564 567 626 583 concilii
642 569 702 583 statuta
716 569 772 583 sancte

173 592 263 609 ordinatum
275 593 338 616 existunty
350 592 393 614 quod
405 593 476 614 quelibet
487 593 556 609 ecclesia
564 593 686 615 metropolitana.
696 596 771 609 teneatur

173 621 189 635 et
200 619 260 635 debeat
271 624 321 635 unum
332 618 392 635 habere
404 619 501 641 theologum,
513 620 540 641 qui
552 625 582 635 sna
593 619 666 635 doctrina
673 622 689 635 et
699 619 772 640 predico.-

175 645 244 661 tionibus
260 645 330 661 fnietum
347 644 402 661 salutis
417 645 479 666 afferat,
497 645 560 661 ordinat
576 645 606 662 hec
622 648 678 662 saneta
695 645 772 667 synodus,

174 671 217 693 quod
228 671 326 688 extendatur
338 672 386 687 etiam
397 671 489 688 huiusmodi
500 672 578 688 ordinatio
590 672 611 688 sd
626 672 703 688 ecclesias
718 672 772 688 catbe*

174 697 228 714 drales
239 697 292 714 taliter
303 697 384 718 videlicet,
396 698 439 719 quod
451 698 518 719 quilibet
526 698 592 714 collator
603 699 674 720 ipsarum
682 698 771 720 prebenda-

174 729 210 740 rum
218 726 292 740 teneatur
299 726 315 740 et
323 723 382 740 debeat
392 724 503 740 canonicatum
515 726 531 740 et
539 724 644 746 prebendam,
652 725 771 746 quamprimum

174 750 242 766 facultas
254 755 271 766 se
284 749 358 766 obtulerit
370 753 386 766 ct
396 751 465 766 inveniri
477 751 539 772 potent,
553 751 581 767 uni
596 751 672 772 magistro
686 751 771 767 licenciato

173 776 199 792 vel
211 776 227 792 in
238 775 319 797 theologia
330 776 421 792 baccalario
433 777 507 797 formato,
518 777 545 798 qui
557 782 586 798 per
598 776 695 793 decennium
707 777 723 793 in
737 777 771 793 uni-

173 802 251 818 versitate
262 802 364 824 privilegiata
375 802 455 819 studuerit
466 805 483 819 st
494 808 533 819 onus
548 802 638 819 residencie
651 808 671 819 ae
682 803 743 819 lecture
755 806 772 819 et

173 828 287 849 predicationis
299 828 353 844 subire
364 828 433 845 voluerit
444 829 503 850 quique
515 829 540 845 bis
551 831 580 845 aut
586 829 636 845 semel
648 829 669 845 ad
681 829 734 845 minus
741 834 771 851 per

174 854 244 875 singulas
252 854 352 871 ebdomadas
360 857 434 871 cessante
442 855 518 876 legittimo
526 855 641 876 impedimento
649 855 703 876 legere
711 855 771 871 habeat

174 883 190 896 et
201 881 277 902 quociens
288 881 340 902 ipsum
353 882 369 897 in
380 881 472 897 huiusmodi
487 881 549 897 lectura
564 881 634 897 deficere
650 882 735 903 contigerit
749 881 771 897 ad

173 907 257 923 arbitrium
269 907 334 928 capituli
342 907 358 923 in
366 907 475 923 subtractione
483 907 612 923 distributionum
620 908 671 923 tocius
680 907 770 924 ebdomade

174 933 225 954 puniri
237 933 287 954 possit
298 935 314 949 et
324 933 338 949 si
349 933 457 949 residenciam
469 933 562 954 deseruerit,
579 933 599 949 de
615 933 645 949 alio
661 933 770 955 provideatur.

174 959 290 975 Verumtamen
301 961 319 975 ut
326 964 386 975 vacare
394 960 449 980 possit,
460 959 526 975 liberius
538 959 590 976 studio
598 960 647 976 nichil
659 960 721 981 perdat,
733 965 770 976 cum

173 984 231 1001 absens
243 985 291 1001 fuerit
302 990 312 1001 a
324 984 386 1001 divinis.
402 985 472 1007 Insuper
483 985 526 1007 quod
537 986 553 1002 in
561 986 633 1007 qualibet
641 986 710 1002 ecclesia
718 986 771 1002 cutbe-

174 1011 214 1027 drali
225 1011 251 1027 vel
264 1011 348 1032 collegiata
359 1011 401 1028 ultra
416 1011 506 1033 predictam
521 1012 652 1034 prebendarum·
663 1012 738 1034 theologo
753 1015 771 1029 ut

173 1038 269 1059 premittitur
288 1037 402 1059 assignandam
420 1039 470 1054 tercia
487 1044 525 1060 pars
540 1038 660 1060 prebendarum
678 1039 771 1055 conferatur

173 1063 256 1085 graduntis
268 1063 308 1080 alias
321 1064 389 1085 ydoneis
403 1064 450 1081 modo
466 1067 482 1081 et
496 1065 548 1081 sor-ina
563 1065 669 1086 infrascriptis
683 1066 712 1086 sic,
727 1065 770 1087 quod

173 1090 225 1111 priina
237 1092 315 1106 vacatura
326 1090 416 1107 huiusmodi
428 1090 507 1112 graduato
519 1093 535 1107 et
549 1091 608 1107 deinde
624 1094 660 1113 post
674 1091 714 1108 alias
729 1091 770 1108 duas

173 1121 242 1137 sequens
254 1121 273 1132 eo
285 1116 332 1132 modo
344 1117 437 1133 conferatur
447 1119 464 1133 ct
475 1117 497 1133 sie
511 1117 588 1138 deinceps
600 1117 676 1134 videlieet
690 1118 771 1139 magistris

173 1171 213 1185 12:11.
227 1175 232 1181 e
242 1173 274 1185 emi
281 1174 313 1185 ,μη
320 1172 403 1189 premam..
