848 1333
166 107 199 124 274

166 155 187 171 ad
199 155 297 171 audientiam
309 155 347 171 dive
362 155 439 171 memorie
455 154 508 171 Caroli
523 155 576 175 quarti
591 154 638 170 etism
654 154 762 170 Romanorum

165 181 266 203 imperatoris
281 186 345 202 semper
362 181 426 202 augusti
443 180 518 201 deducto,
535 180 578 202 quod
595 179 667 196 nonnulli
682 179 763 196 seculares

167 213 235 229 persone
241 208 258 223 in
264 207 370 229 potestatibus
378 209 394 223 et
402 207 459 223 officiis
465 206 533 228 publicis
539 207 624 222 constitute
630 206 705 222 videlicet
713 206 763 222 duces

166 234 267 250 marchiones
279 234 345 250 comites
361 233 430 249 barones
445 235 462 249 et
476 233 503 249 alii
518 232 577 249 domini
588 232 685 254 temporales
699 237 762 248 necnon

166 260 240 276 consules
257 260 340 276 civitatum
355 259 439 280 opidorum
454 259 528 275 villarum
543 261 560 275 et
574 258 645 275 locorum
660 261 731 274 rectores
746 258 763 274 iu

165 286 233 302 diversis
245 286 328 307 provintiis
339 285 412 301 eiusdem
424 285 486 306 imperii
497 285 523 301 dei
534 285 591 301 timore
605 285 691 306 postposito
703 286 763 300 statuto

165 312 253 334 singularia
261 314 277 328 et
284 312 347 333 iniquas
355 311 465 327 ordinstiones
472 313 516 327 motu
524 311 588 332 proprio
600 313 616 327 et
627 310 648 326 de
656 310 698 326 facto
707 312 763 326 contre

165 339 208 360 ipsus
220 344 297 360 personas
308 338 426 354 ecclesiasticas
437 340 454 354 et
465 337 569 353 ecelesiarum
583 337 665 353 libertates
676 339 693 352 et
707 342 762 352 eorum

165 364 251 386 privilegio
258 364 361 380 considerant
368 363 431 385 illisque
439 363 459 380 de
467 363 509 380 facto
518 366 534 379 et
541 363 605 385 publice
613 363 700 379 utebantur
707 365 763 379 contra

166 391 252 407 canonicos
264 393 280 406 et
291 390 369 411 legitimas
381 390 477 410 sanctiones,
488 392 544 411 utpote
556 389 599 411 qnod
615 389 659 405 nulla
670 389 713 405 bona
724 392 763 405 tem-

165 416 226 438 poralia
237 417 253 432 in
265 418 361 437 potestatem
373 416 499 432 ecclesiasticam
513 415 638 432 transferrentur
649 417 666 431 et
677 421 697 431 ne
709 415 762 431 clerici

165 443 182 459 in
193 443 244 459 sacris
255 442 338 458 ordinibus
353 442 433 458 constituti
448 442 470 458 ad
485 441 566 463 agendum
581 444 598 458 st
612 441 731 457 testificandum
746 441 762 457 in

166 468 240 485 civilibus
255 471 271 485 et
286 469 357 484 maxime
373 469 390 484 iu
406 468 437 490 piis
454 469 507 484 causis
524 468 624 489 sliquatenus
641 467 764 484 admitterentur

165 495 241 516 quodque
253 495 388 511 excommunioni
399 494 436 510 laici
447 497 463 510 et
474 494 539 516 publice
547 494 636 510 denuntiati
647 494 663 510 in
675 493 717 510 civili
728 493 763 509 foro

165 521 231 537 minime
246 520 368 542 repellerentur.
392 520 413 536 Et
428 521 493 542 insuper
508 520 576 541 predicti
592 520 652 536 domini
667 519 763 541 temporales

166 547 240 563 consules
251 549 267 563 et
278 549 349 563 rectores
357 552 387 568 per
397 546 488 563 secularem
496 548 591 568 potestatem
602 552 628 562 res
640 548 656 562 et
667 545 710 562 bom
718 545 763 562 eleri-

166 578 222 589 corum
239 575 338 594 occuparent
356 575 455 589 srrestarent
473 574 489 588 et
507 572 596 588 oblationes
613 572 672 588 Chn'sti
691 571 763 588 fidolium

166 600 256 616 minuerent
267 601 316 620 atque
324 599 445 620 restringerent,
457 599 551 615 exactiones
562 601 578 615 et
589 598 642 615 tallias
649 598 730 614 indebitas
742 598 763 614 de

165 625 212 641 bonis
223 628 239 641 et
246 625 337 641 redditibus
345 625 449 641 ecclesiarum
458 625 543 646 exigerent
550 627 566 641 et
574 626 694 646 extorquerent,
701 629 763 645 posses-

165 652 218 668 siones
226 651 329 668 ecclesiarum
338 654 355 668 et
362 656 467 673 personarum
476 651 564 667 earundem
573 650 677 667 devastarent
684 650 763 666 incendiis

165 680 181 694 et
189 678 254 699 rupinis,
262 680 354 694 conti-nctus
362 678 378 693 in
386 677 453 693 clericos
461 680 477 693 et
484 677 533 693 laicos
545 677 595 693 factos
606 677 677 698 legitime
685 676 706 693 ad
714 676 763 692 libros

167 704 249 720 civitatum
257 703 330 720 villarum
342 706 359 720 et
370 703 441 719 locorum
449 703 557 725 predictorum
566 703 655 719 inscribere
666 705 682 719 et
693 702 763 724 sigillare

167 732 261 746 recusarent
272 730 363 751 donataque
375 732 391 746 et
398 729 451 751 legate
459 729 480 746 sd
492 729 562 746 fabricas
574 732 590 745 et
601 729 706 745 ecclesiarum
713 731 763 745 struc-

166 758 211 772 turas
219 758 275 772 eontra
283 756 380 777 prelotorum
388 756 486 772 voluntatem
498 758 514 771 et
525 755 597 775 oliorum,
606 761 673 777 quorum
681 756 763 776 intererat,

166 784 226 798 temere
238 787 316 803 usurpare
330 784 442 803 presumerent
457 787 476 798 nc
488 782 504 797 in
515 781 589 797 fraudem
601 784 617 797 et
629 781 684 797 odium
699 781 763 797 elerico-

166 814 202 824 rum
214 808 234 824 de
247 808 292 824 bonis
308 808 356 824 etism
371 811 387 824 et
402 808 451 824 rebus
467 807 555 824 eorundem
570 808 669 828 clericorum,
685 813 717 829 que
731 813 763 823 non

167 840 216 850 causa
228 834 359 855 negotiationum,
371 833 399 850 sed
411 839 441 855 pro
453 839 509 850 eorum
520 834 589 855 propriis
600 833 656 849 usibus
667 839 697 855 per
708 839 764 849 eornm

165 863 217 876 terres
229 860 311 876 ducebant
318 866 347 876 seu
355 860 392 876 duci
400 859 487 880 faciebant,
496 859 583 876 thelonium
591 860 658 881 exigere
666 862 682 876 et
689 860 763 881 recipere

166 892 198 903 non
209 886 308 903 verebantur
319 889 335 903 et
346 886 457 907 confugientes
469 885 490 902 ad
502 885 578 902 ecclesias
590 888 606 902 et
617 891 673 902 earum
685 886 763 902 cimiteria

166 913 204 929 inde
215 912 301 929 extrahere
313 915 369 928 contra
380 912 467 928 canonicas
479 915 495 928 et
505 912 597 933 imperiales
608 912 699 928 sanctiones
710 911 763 928 huius-

166 938 210 955 modi
221 940 352 960 presumpserant
367 940 384 954 et
394 938 514 959 presumebant.
537 937 583 954 Idem
597 937 664 954 Carolus
677 938 764 959 imperator

166 967 244 986 tanquam
256 964 396 981 christianissimus
407 965 483 986 princeps
492 964 548 980 volens
559 964 576 980 in
587 964 669 985 premissis
678 964 764 985 providere

167 991 187 1007 de
205 991 276 1007 remedio
292 990 357 1007 salutari
374 991 422 1007 etiam
440 990 460 1006 de
478 990 578 1012 quorundam
595 990 655 1006 ducum
672 990 763 1012 principum

167 1018 242 1034 comitum
258 1017 336 1033 baronum
351 1016 456 1038 fideliumque
471 1016 538 1033 aliorum
552 1017 594 1033 sacri
608 1017 670 1038 imperii
686 1016 764 1038 sepedicti

167 1044 237 1065 oonsilio,
249 1044 343 1060 auctoritate
355 1043 433 1065 imperiali
441 1048 537 1064 quecunque
545 1045 604 1059 statuta
611 1048 631 1059 ac
639 1042 764 1059 consuetudines

167 1069 240 1091 predicta
251 1072 327 1091 teuqusm
340 1075 369 1091 per
380 1070 466 1085 canonicas
478 1071 494 1085 et
509 1069 564 1085 civiles
580 1069 670 1085 sanctiones
686 1074 764 1090 expresse

167 1095 253 1117 reprobata
265 1096 335 1112 cassavit
342 1096 411 1112 irritavit
422 1098 439 1111 et
445 1095 524 1111 anullavit
534 1100 554 1111 ac
562 1100 608 1111 casse
619 1095 665 1111 irrito
672 1094 763 1116 nulliusque

167 1127 202 1138 esse
214 1121 264 1138 voluit
275 1121 336 1138 roboris
346 1121 373 1138 vel
384 1122 461 1138 momenti
472 1122 563 1143 precipiens
574 1121 604 1137 sub
616 1120 703 1142 imperialis
714 1121 764 1137 banni

167 1154 210 1169 pens
221 1148 300 1164 universis
315 1150 331 1164 et
342 1147 408 1169 singulis
420 1147 519 1169 principibus
534 1150 551 1163 et
566 1147 634 1163 dominis
649 1146 764 1169 temporslibus

167 1174 260 1190 consulibus
279 1174 385 1195 potestatibus
402 1176 418 1190 et
434 1173 469 1190 aliis
484 1174 500 1190 in
516 1173 573 1190 officiis
590 1173 658 1195 publicis
675 1174 691 1189 in
707 1173 764 1189 eodem
